@article{Agathocleous2017,
  author  = {Agathocleous, Michalis and
             Meacham, Corbin E. and
             Burgess, Rebecca J. and
             Piskounova, Elena and
             Zhao, Zhiyu and
             Crane, Genevieve M. and
             Cowin, Brianna L. and
             Bruner, Emily and
             Murphy, Malea M. and
             Chen, Weina and
             Spangrude, Gerald J. and
             Hu, Zeping and
             DeBerardinis, Ralph J. and
             Morrison, Sean J.},
  title   = {Ascorbate regulates haematopoietic stem cell function and leukaemogenesis},
  journal = {Nature},
  volume  = {549},
  number  = {7673},
  pages   = {476-481},
  year    = {2017},
}

@article{Hagan2019,
  author  = {Hagan, Thomas and
             Cortese, Mario and
             Rouphael, Nadine and
             Boudreau, Carolyn and
             Linde, Caitlin and
             Maddur, Mohan S. and
             Das, Jishnu and
             Wang, Hong and
             Guthmiller, Jenna and
             Zheng, Nai-Ying and
             Huang, Min and
             Uphadhyay, Amit A. and
             Gardinassi, Luiz and
             Petitdemange, Caroline and
             McCullough, Michele Paine and
             Johnson, Sara Jo and
             Gill, Kiran and
             Cervasi, Barbara and
             Zou, Jun and
             Bretin, Alexis and
             Hahn, Megan and
             Gewirtz, Andrew T. and
             Bosinger, Steve E. and
             Wilson, Patrick C. and
             Li, Shuzhao and
             Alter, Galit and
             Khurana, Surender and
             Golding, Hana and
             Pulendran, Bali},
  title   = {Antibiotics-Driven Gut Microbiome Perturbation Alters Immunity to Vaccines in Humans},
  journal = {Cell},
  volume  = {178},
  number  = {6},
  pages   = {1313-1328.e13},
  year    = {2019},
}

@article{McInnes2018,
  author  = {McInnes, Leland and
             Healy, John and
             Melville, James},
  title   = {UMAP: Uniform Manifold Approximation and Projection for Dimension Reduction},
  journal = {arXiv},
  pages   = {1802.03426},
  year    = {2018},
}

@article{Rom2020,
  author  = {Rom, Oren and
             Liu, Yuhao and
             Liu, Zhipeng and
             Zhao, Ying and
             Wu, Jianfeng and
             Ghrayeb, Alia and
             Villacorta, Luis and
             Fan, Yanbo and
             Chang, Lin and
             Wang, Lu and
             Liu, Cai and
             Yang, Dongshan and
             Song, Jun and
             Rech, Jason C. and
             Guo, Yanhong and
             Wang, Huilun and
             Zhao, Guizhen and
             Liang, Wenying and
             Koike, Yui and
             Lu, Haocheng and
             Koike, Tomonari and
             Hayek, Tony and
             Pennathur, Subramaniam and
             Xi, Chuanwu and
             Wen, Bo and
             Sun, Duxin and
             Garcia-Barrio, Minerva T. and
             Aviram, Michael and
             Gottlieb, Eyal and
             Mor, Inbal and
             Liu, Wanqing and
             Zhang, Jifeng and
             Chen, Y. Eugene},
  title   = {Glycine-based treatment ameliorates NAFLD by modulating fatty acid oxidation, glutathione synthesis, and the gut microbiome},
  journal = {Sci Transl Med},
  volume  = {12},
  number  = {572},
  pages   = {eaaz2841},
  year    = {2020},
}

@article{Shen2020,
  author  = {Shen, Bo and
             Yi, Xiao and
             Sun, Yaoting and
             Bi, Xiaojie and
             Du, Juping and
             Zhang, Chao and
             Quan, Sheng and
             Zhang, Fangfei and
             Sun, Rui and
             Qian, Liujia and
             Ge, Weigang and
             Liu, Wei and
             Liang, Shuang and
             Chen, Hao and
             Zhang, Ying and
             Li, Jun and
             Xu, Jiaqin and
             He, Zebao and
             Chen, Baofu and
             Wang, Jing and
             Yan, Haixi and
             Zheng, Yufen and
             Wang, Donglian and
             Zhu, Jiansheng and
             Kong, Ziqing and
             Kang, Zhouyang and
             Liang, Xiao and
             Ding, Xuan and
             Ruan, Guan and
             Xiang, Nan and
             Cai, Xue and
             Gao, Huanhuan and
             Li, Lu and
             Li, Sainan and
             Xiao, Qi and
             Lu, Tian and
             Zhu, Yi and
             Liu, Huafen and
             Chen, Haixiao and
             Guo, Tiannan},
  title   = {Proteomic and Metabolomic Characterization of COVID-19 Patient Sera},
  journal = {Cell},
  volume  = {182},
  number  = {1},
  pages   = {59-72.e15},
  year    = {2020},
}

@article{vanderMaaten2008,
  author  = {{van der Maaten}, Laurens and
             Hinton, Geoffrey},
  title   = {Visualizing Data using t-SNE},
  journal = {J Mach Learn Res},
  volume  = {9},
  number  = {86},
  pages   = {2579-2605},
  year    = {2008},
}

@article{Wang2021,
  author  = {Wang, Ying and
             Yen, Frederick S. and
             Zhu, Xiphias Ge and
             Timson, Rebecca C. and
             Weber, Ross and
             Xing, Changrui and
             Liu, Yuyang and
             Allwein, Benjamin and
             Luo, Hanzhi and
             Yeh, Hsi-Wen and
             Heissel, S{\o}ren and
             Unlu, Gokhan and
             Gamazon, Eric R. and
             Kharas, Michael G. and
             Hite, Richard and
             Birsoy, K{\i}van{\c{c}}},
  title   = {SLC25A39 is necessary for mitochondrial glutathione import in mammalian cells},
  journal = {Nature},
  volume  = {599},
  number  = {7883},
  pages   = {136-140},
  year    = {2021},
}

@article{Yoneshiro2019,
  author  = {Yoneshiro, Takeshi and
             Wang, Qiang and
             Tajima, Kazuki and
             Matsushita, Mami and
             Maki, Hiroko and
             Igarashi, Kaori and
             Dai, Zhipeng and
             White, Phillip J. and
             McGarrah, Robert W. and
             Ilkayeva, Olga R. and
             Deleye, Yann and
             Oguri, Yasuo and
             Kuroda, Mito and
             Ikeda, Kenji and
             Li, Huixia and
             Ueno, Ayano and
             Ohishi, Maki and
             Ishikawa, Takamasa and
             Kim, Kyeongkyu and
             Chen, Yong and
             Sponton, Carlos Henrique and
             Pradhan, Rachana N. and
             Majd, Homa and
             Greiner, Vanille Juliette and
             Yoneshiro, Momoko and
             Brown, Zachary and
             Chondronikola, Maria and
             Takahashi, Haruya and
             Goto, Tsuyoshi and
             Kawada, Teruo and
             Sidossis, Labros and
             Szoka, Francis C. and
             McManus, Michael T. and
             Saito, Masayuki and
             Soga, Tomoyoshi and
             Kajimura, Shingo},
  title   = {BCAA catabolism in brown fat controls energy homeostasis through SLC25A44},
  journal = {Nature},
  volume  = {572},
  number  = {7771},
  pages   = {614-619},
  year    = {2019},
}

@book{ggplot2,
  author    = {Wickham, Hadley},
  title     = {ggplot2: Elegant Graphics for Data Analysis},
  publisher = {Springer},
  address   = {Cham, Switzerland},
  year      = {2016},
  doi       = {10.1007/978-3-319-24277-4},
  edition   = {2nd},
  note      = {doi:10.1007/978-3-319-24277-4},
  series    = {Use R!},
}

@book{gog,
  author    = {Wilkinson, Leland},
  title     = {The Grammar of Graphics},
  publisher = {Springer},
  address   = {New York, NY},
  year      = {2005},
  doi       = {10.1007/0-387-28695-0},
  edition   = {2nd},
  note      = {doi:10.1007/0-387-28695-0},
  series    = {Statistics and Computing},
}

@misc{ada83,
  author       = {{Ada Information Clearinghouse}},
  title        = {Ada '83 Language Reference Manual},
  publisher    = {Ada Resource Association},
  chapter      = {Design Goals and Sources},
  year         = {1983},
  howpublished = {\url{http://archive.adaic.com/standards/83lrm/html/lrm-01-03.html}},
  note         = {Accessed November 25, 2022},
}

@misc{BigBookOfR,
  author       = {Baruffa, Oscar},
  title        = {Big Book of R},
  year         = {2022},
  howpublished = {\url{https://www.bigbookofr.com/data-visualization.html}},
  note         = {Accessed November 25, 2022},
}

@misc{lintr,
  author       = {Hester, Jim and
                  Angly, Florent and
                  Hyde, Russ and
                  Chirico, Michael and
                  Ren, Kun and
                  Rosenstock, Alexander and
                  Patil, Indrajeet},
  title        = {lintr: A 'Linter' for R Code},
  year         = {2022},
  howpublished = {\url{https://CRAN.R-project.org/package=lintr}},
  note         = {Accessed November 25, 2022},
}

@misc{RGraphs,
  author       = {Holtz, Yan},
  title        = {The R Graph Gallery --- Help and inspiration for R charts},
  year         = {2022},
  howpublished = {\url{https://www.r-graph-gallery.com}},
  note         = {Accessed November 25, 2022},
}

@misc{styler,
  author       = {Müller, Kirill and
                  Walthert, Lorenz and
                  Patil, Indrajeet},
  title        = {styler: Non-Invasive Pretty Printing of R Code},
  year         = {2022},
  howpublished = {\url{https://CRAN.R-project.org/package=styler}},
  note         = {Accessed November 25, 2022},
}

@misc{tidyverse_style,
  author       = {Wickham, Hadley},
  title        = {The tidyverse style guide},
  year         = {2022},
  howpublished = {\url{https://style.tidyverse.org}},
  note         = {Accessed November 25, 2022},
}
